%YAML 1.1
%TAG !u! tag:unity3d.com,2011:
--- !u!1 &5061507680409985770
GameObject:
  m_ObjectHideFlags: 0
  m_CorrespondingSourceObject: {fileID: 0}
  m_PrefabInstance: {fileID: 0}
  m_PrefabAsset: {fileID: 0}
  serializedVersion: 6
  m_Component:
  - component: {fileID: 5061507680409985773}
  m_Layer: 0
  m_Name: AttackPos
  m_TagString: Untagged
  m_Icon: {fileID: 0}
  m_NavMeshLayer: 0
  m_StaticEditorFlags: 0
  m_IsActive: 1
--- !u!4 &5061507680409985773
Transform:
  m_ObjectHideFlags: 0
  m_CorrespondingSourceObject: {fileID: 0}
  m_PrefabInstance: {fileID: 0}
  m_PrefabAsset: {fileID: 0}
  m_GameObject: {fileID: 5061507680409985770}
  m_LocalRotation: {x: -0, y: -0, z: -0, w: 1}
  m_LocalPosition: {x: 0.86, y: -0.57, z: -9.294063}
  m_LocalScale: {x: 1.0660981, y: 1.0857763, z: 1}
  m_Children: []
  m_Father: {fileID: 5061507680764260709}
  m_RootOrder: 1
  m_LocalEulerAnglesHint: {x: 0, y: 0, z: 0}
--- !u!1 &5061507680764260705
GameObject:
  m_ObjectHideFlags: 0
  m_CorrespondingSourceObject: {fileID: 0}
  m_PrefabInstance: {fileID: 0}
  m_PrefabAsset: {fileID: 0}
  serializedVersion: 6
  m_Component:
  - component: {fileID: 5061507680764260709}
  - component: {fileID: 5061507680764260706}
  - component: {fileID: 5061507680764260707}
  - component: {fileID: 5061507680764260704}
  - component: {fileID: 5061507680764260708}
  - component: {fileID: 5061507680764260711}
  m_Layer: 0
  m_Name: Player
  m_TagString: Player
  m_Icon: {fileID: 0}
  m_NavMeshLayer: 0
  m_StaticEditorFlags: 0
  m_IsActive: 1
--- !u!4 &5061507680764260709
Transform:
  m_ObjectHideFlags: 0
  m_CorrespondingSourceObject: {fileID: 0}
  m_PrefabInstance: {fileID: 0}
  m_PrefabAsset: {fileID: 0}
  m_GameObject: {fileID: 5061507680764260705}
  m_LocalRotation: {x: 0, y: 0, z: 0, w: 1}
  m_LocalPosition: {x: -3.082, y: -2.15, z: -0.37}
  m_LocalScale: {x: 1.4492886, y: 1.4293604, z: 1}
  m_Children:
  - {fileID: 5061507681834310802}
  - {fileID: 5061507680409985773}
  - {fileID: 8904745393627660498}
  m_Father: {fileID: 0}
  m_RootOrder: 0
  m_LocalEulerAnglesHint: {x: 0, y: 0, z: 0}
--- !u!212 &5061507680764260706
SpriteRenderer:
  m_ObjectHideFlags: 0
  m_CorrespondingSourceObject: {fileID: 0}
  m_PrefabInstance: {fileID: 0}
  m_PrefabAsset: {fileID: 0}
  m_GameObject: {fileID: 5061507680764260705}
  m_Enabled: 1
  m_CastShadows: 0
  m_ReceiveShadows: 0
  m_DynamicOccludee: 1
  m_MotionVectors: 1
  m_LightProbeUsage: 1
  m_ReflectionProbeUsage: 1
  m_RenderingLayerMask: 1
  m_RendererPriority: 0
  m_Materials:
  - {fileID: 10754, guid: 0000000000000000f000000000000000, type: 0}
  m_StaticBatchInfo:
    firstSubMesh: 0
    subMeshCount: 0
  m_StaticBatchRoot: {fileID: 0}
  m_ProbeAnchor: {fileID: 0}
  m_LightProbeVolumeOverride: {fileID: 0}
  m_ScaleInLightmap: 1
  m_ReceiveGI: 1
  m_PreserveUVs: 0
  m_IgnoreNormalsForChartDetection: 0
  m_ImportantGI: 0
  m_StitchLightmapSeams: 1
  m_SelectedEditorRenderState: 0
  m_MinimumChartSize: 4
  m_AutoUVMaxDistance: 0.5
  m_AutoUVMaxAngle: 89
  m_LightmapParameters: {fileID: 0}
  m_SortingLayerID: 0
  m_SortingLayer: 0
  m_SortingOrder: 0
  m_Sprite: {fileID: 21300000, guid: 754f43f8fc4997f42b16428846136321, type: 3}
  m_Color: {r: 1, g: 1, b: 1, a: 1}
  m_FlipX: 0
  m_FlipY: 0
  m_DrawMode: 0
  m_Size: {x: 1.5, y: 1.5}
  m_AdaptiveModeThreshold: 0.5
  m_SpriteTileMode: 0
  m_WasSpriteAssigned: 1
  m_MaskInteraction: 0
  m_SpriteSortPoint: 0
--- !u!50 &5061507680764260707
Rigidbody2D:
  serializedVersion: 4
  m_ObjectHideFlags: 0
  m_CorrespondingSourceObject: {fileID: 0}
  m_PrefabInstance: {fileID: 0}
  m_PrefabAsset: {fileID: 0}
  m_GameObject: {fileID: 5061507680764260705}
  m_BodyType: 0
  m_Simulated: 1
  m_UseFullKinematicContacts: 0
  m_UseAutoMass: 0
  m_Mass: 1
  m_LinearDrag: 0
  m_AngularDrag: 0.05
  m_GravityScale: 1
  m_Material: {fileID: 0}
  m_Interpolate: 0
  m_SleepingMode: 1
  m_CollisionDetection: 0
  m_Constraints: 4
--- !u!114 &5061507680764260704
MonoBehaviour:
  m_ObjectHideFlags: 0
  m_CorrespondingSourceObject: {fileID: 0}
  m_PrefabInstance: {fileID: 0}
  m_PrefabAsset: {fileID: 0}
  m_GameObject: {fileID: 5061507680764260705}
  m_Enabled: 1
  m_EditorHideFlags: 0
  m_Script: {fileID: 11500000, guid: 72d3779b506cf96439515c762b2824bd, type: 3}
  m_Name: 
  m_EditorClassIdentifier: 
  speed: 7
  extraJumpsValue: 0
  jumpForce: 7
  groundCheck: {fileID: 5061507681834310802}
  checkRadius: 0.4
  whatIsGround:
    serializedVersion: 2
    m_Bits: 512
  timeBtwAttack: 0
  startTimeBtwAttack: 0.4
  attackPos: {fileID: 5061507680409985773}
  whatIsEnemies:
    serializedVersion: 2
    m_Bits: 256
  attackRange: 1.5
  damage: 1
  attack: 0
  animator: {fileID: 5061507680764260711}
  numOfHearts: 5
  hearts:
  - {fileID: 0}
  - {fileID: 0}
  - {fileID: 0}
  - {fileID: 0}
  - {fileID: 0}
  - {fileID: 0}
  - {fileID: 0}
  - {fileID: 0}
  - {fileID: 0}
  - {fileID: 0}
  fullHeart: {fileID: 21300000, guid: 3c678ac81eb3bda49a40f8a0515f63ff, type: 3}
  emptyHeart: {fileID: 21300000, guid: f1627fdc455aed846a57fece48bdaa39, type: 3}
  health: 5
  Restart: {fileID: 0}
  GameOver: {fileID: 0}
  invincible: 0
  wallCheck: {fileID: 8904745393627660498}
  wallCheckDistance: 1.3
  wallSlideSpeed: 2
  knockback: 8
  knockbackLength: 0.3
  knockbackCount: 0
  knockFromRight: 0
--- !u!61 &5061507680764260708
BoxCollider2D:
  m_ObjectHideFlags: 0
  m_CorrespondingSourceObject: {fileID: 0}
  m_PrefabInstance: {fileID: 0}
  m_PrefabAsset: {fileID: 0}
  m_GameObject: {fileID: 5061507680764260705}
  m_Enabled: 1
  m_Density: 1
  m_Material: {fileID: 0}
  m_IsTrigger: 0
  m_UsedByEffector: 0
  m_UsedByComposite: 0
  m_Offset: {x: -0.011291802, y: -0.45983386}
  m_SpriteTilingProperty:
    border: {x: 0, y: 0, z: 0, w: 0}
    pivot: {x: 0.5, y: 0.5}
    oldSize: {x: 5.12, y: 2.56}
    newSize: {x: 1.5, y: 1.5}
    adaptiveTilingThreshold: 0.5
    drawMode: 0
    adaptiveTiling: 0
  m_AutoTiling: 0
  serializedVersion: 2
  m_Size: {x: 1.0025545, y: 1.4748473}
  m_EdgeRadius: 0
--- !u!95 &5061507680764260711
Animator:
  serializedVersion: 3
  m_ObjectHideFlags: 0
  m_CorrespondingSourceObject: {fileID: 0}
  m_PrefabInstance: {fileID: 0}
  m_PrefabAsset: {fileID: 0}
  m_GameObject: {fileID: 5061507680764260705}
  m_Enabled: 1
  m_Avatar: {fileID: 0}
  m_Controller: {fileID: 9100000, guid: 2f051b48002fafe4ab99c8ee95e9e6a1, type: 2}
  m_CullingMode: 0
  m_UpdateMode: 0
  m_ApplyRootMotion: 0
  m_LinearVelocityBlending: 0
  m_WarningMessage: 
  m_HasTransformHierarchy: 1
  m_AllowConstantClipSamplingOptimization: 1
  m_KeepAnimatorControllerStateOnDisable: 0
--- !u!1 &5061507681834310803
GameObject:
  m_ObjectHideFlags: 0
  m_CorrespondingSourceObject: {fileID: 0}
  m_PrefabInstance: {fileID: 0}
  m_PrefabAsset: {fileID: 0}
  serializedVersion: 6
  m_Component:
  - component: {fileID: 5061507681834310802}
  m_Layer: 0
  m_Name: Ground Check
  m_TagString: Untagged
  m_Icon: {fileID: 5132851093641282708, guid: 0000000000000000d000000000000000, type: 0}
  m_NavMeshLayer: 0
  m_StaticEditorFlags: 0
  m_IsActive: 1
--- !u!4 &5061507681834310802
Transform:
  m_ObjectHideFlags: 0
  m_CorrespondingSourceObject: {fileID: 0}
  m_PrefabInstance: {fileID: 0}
  m_PrefabAsset: {fileID: 0}
  m_GameObject: {fileID: 5061507681834310803}
  m_LocalRotation: {x: -0, y: -0, z: -0, w: 1}
  m_LocalPosition: {x: 0.001, y: -1.193, z: 0.31741714}
  m_LocalScale: {x: 1, y: 1, z: 1}
  m_Children: []
  m_Father: {fileID: 5061507680764260709}
  m_RootOrder: 0
  m_LocalEulerAnglesHint: {x: 0, y: 0, z: 0}
--- !u!1001 &8244950165722905648
PrefabInstance:
  m_ObjectHideFlags: 0
  serializedVersion: 2
  m_Modification:
    m_TransformParent: {fileID: 5061507680764260709}
    m_Modifications:
    - target: {fileID: 720559157405498594, guid: 7f46eb3eaaff5004cbdc90ff8a31d0ba,
        type: 3}
      propertyPath: m_LocalPosition.x
      value: 0.035
      objectReference: {fileID: 0}
    - target: {fileID: 720559157405498594, guid: 7f46eb3eaaff5004cbdc90ff8a31d0ba,
        type: 3}
      propertyPath: m_LocalPosition.y
      value: -0.66
      objectReference: {fileID: 0}
    - target: {fileID: 720559157405498594, guid: 7f46eb3eaaff5004cbdc90ff8a31d0ba,
        type: 3}
      propertyPath: m_LocalPosition.z
      value: 0
      objectReference: {fileID: 0}
    - target: {fileID: 720559157405498594, guid: 7f46eb3eaaff5004cbdc90ff8a31d0ba,
        type: 3}
      propertyPath: m_LocalRotation.x
      value: 0
      objectReference: {fileID: 0}
    - target: {fileID: 720559157405498594, guid: 7f46eb3eaaff5004cbdc90ff8a31d0ba,
        type: 3}
      propertyPath: m_LocalRotation.y
      value: 0
      objectReference: {fileID: 0}
    - target: {fileID: 720559157405498594, guid: 7f46eb3eaaff5004cbdc90ff8a31d0ba,
        type: 3}
      propertyPath: m_LocalRotation.z
      value: 0
      objectReference: {fileID: 0}
    - target: {fileID: 720559157405498594, guid: 7f46eb3eaaff5004cbdc90ff8a31d0ba,
        type: 3}
      propertyPath: m_LocalRotation.w
      value: 1
      objectReference: {fileID: 0}
    - target: {fileID: 720559157405498594, guid: 7f46eb3eaaff5004cbdc90ff8a31d0ba,
        type: 3}
      propertyPath: m_RootOrder
      value: 2
      objectReference: {fileID: 0}
    - target: {fileID: 720559157405498594, guid: 7f46eb3eaaff5004cbdc90ff8a31d0ba,
        type: 3}
      propertyPath: m_LocalEulerAnglesHint.x
      value: 0
      objectReference: {fileID: 0}
    - target: {fileID: 720559157405498594, guid: 7f46eb3eaaff5004cbdc90ff8a31d0ba,
        type: 3}
      propertyPath: m_LocalEulerAnglesHint.y
      value: 0
      objectReference: {fileID: 0}
    - target: {fileID: 720559157405498594, guid: 7f46eb3eaaff5004cbdc90ff8a31d0ba,
        type: 3}
      propertyPath: m_LocalEulerAnglesHint.z
      value: 0
      objectReference: {fileID: 0}
    - target: {fileID: 720559157405498595, guid: 7f46eb3eaaff5004cbdc90ff8a31d0ba,
        type: 3}
      propertyPath: m_Name
      value: WallCheck
      objectReference: {fileID: 0}
    m_RemovedComponents: []
  m_SourcePrefab: {fileID: 100100000, guid: 7f46eb3eaaff5004cbdc90ff8a31d0ba, type: 3}
--- !u!4 &8904745393627660498 stripped
Transform:
  m_CorrespondingSourceObject: {fileID: 720559157405498594, guid: 7f46eb3eaaff5004cbdc90ff8a31d0ba,
    type: 3}
  m_PrefabInstance: {fileID: 8244950165722905648}
  m_PrefabAsset: {fileID: 0}
